@misc{windows-prompt,
	author = {{Microsoft}},
	title = {{Windows Command Line Reference}},
	note = "Online, available at: \url{http://technet.microsoft.com/en-us/library/cc754340.aspx} -- Last Retrieved: October 02, 2014",
}

@misc{bash-shell,
	author = {{GNU}},
	title = {{Bash Reference Guide}},
	note = "Online, available at: \url{http://www.gnu.org/software/bash/manual/bashref.html} -- Last Retrieved: October 02, 2014",
}

@misc{shell-faq,
	author = {{Faq.org}},
	title = {{Comparison of Unix Shells}},
	note = "Online, available at: \url{http://www.faqs.org/faqs/unix-faq/shell/shell-differences/} -- Last Retrieved: October 02, 2014",
}

@misc{or-javac,
	author = {{Oracle}},
	title = {{\texttt{javac} Reference}},
	note = "Online, available at: \url{https://docs.oracle.com/en/java/javase/11/tools/javac.html} -- Last Retrieved: Sept. 29, 2019",
}

@misc{or-java,
	author = {{Oracle}},
	title = {{\texttt{java} Reference}},
	note = "Online, available at: \url{https://docs.oracle.com/en/java/javase/11/tools/java.html} -- Last Retrieved: Sept. 29, 2019",
}

